% Verzeichnis der verwendeten Literatur
%----------------------------------------
%
%   Version: 3.25        (Koma-Skript, documentclass{scrbook})
%   Datum: 15.06.2018
%
%----------------------------------------

@book{MeyerLeistung,
	author = {Meyer, Manfred},
	title = {Leistungselektronik - Einführung, Grundlagen, Überblick},
	year = {2005},
	edition = {1. Auflage},
	publisher = {Springer-Verlag},
	isbn = {9783642873485}
}

@unpublished{DoesselLEN,
	author = {Dössel, Olaf},
	title = {Lineare Elektrische Netze: Vorlesungsskript zur Vorlesung},
	year = {2016}
}

@unpublished{SiegelES,
	author = {Siegel, Michael and Crocoll, Erich},
	title = {Elektronische Schaltungen, Skript zur Vorlesung},
	year = {2017}
}

@unpublished{DoppelbauerHEF,
	author = {Doppelbauer, Martin},
	title = {Skript Hybride und elektrische Fahrzeuge},
	year = {2016}
}

@unpublished{BraunREA,
	author = {Braun, Michael},
	title = {Regelung elektrischer Antriebe, Skript zur Vorlesung},
	year = {2017}
}

@unpublished{BraunFAM,
	author = {Braun, Michael},
	title = {Elektrische Antriebe und Leistungselektronik: Feldorientierte Regelung der Asynchronmaschine (FAM), Skript zum Laborpraktikum},
	year = {2018}
}

@book{HoffmannHybrid,
	author = {Hoffmann, Peter},
	title = {Hybridfahrzeuge},
	year = {2014},
	edition = {2. Auflage},
	publisher = {Springer-Verlag},
	isbn = {9783709117804}
}

@book{BeuthLeistung,
	title={Leistungselektronik},
	author={Beuth, Olaf and Beuth, Klaus},
	isbn={9783802318535},
	series={Vogel Fachbuch},
	year={2004},
	publisher={Vogel}
}

@online{DavidCarlisle,
	author = {Carlisle, David},
	title = {Forcing subfigures to have same height and take overall X percent of linewidth in LaTeX},
	date = {2019-04-25},
	url = {https://tex.stackexchange.com/a/218391/175033}
}
